%%
% 参考文献
% 参考文献是毕业设计(论文)不可缺少的组成部分,它反映毕业设计(论文)的取材来源、材料的广博程度和材料的可靠程度,也是作者对他人知识成果的承认和尊重。一份完整的参考文献可向读者提供一份有价值的信息资料,列入的文献应在 10 篇以上,其中外文文献在 2 篇以上。
%%

@program{sysu-thesis,
  title  = {中山大学毕业论文Latex模板},
  author = {Songguang Chen and Junjie Huang  and Yongfeng, Wang},
  url    = {https://github.com/SYSU-SCC/sysu-thesis},
  year   = {2020}
}

@article{liu2011sift,
  title     = {Sift flow: Dense correspondence across scenes and its applications},
  author    = {Liu, Ce and Yuen, Jenny and Torralba, Antonio},
  journal   = {Pattern Analysis and Machine Intelligence, IEEE Transactions on},
  volume    = {33},
  number    = {5},
  pages     = {978--994},
  year      = {2011},
  publisher = {IEEE}
}
@inproceedings{tighe2013finding,
  title     = {Finding things: Image parsing with regions and per-exemplar detectors},
  author    = {Tighe, Joseph and Lazebnik, Svetlana},
  booktitle = {Proceedings of the IEEE Conference on Computer Vision and Pattern Recognition},
  pages     = {3001--3008},
  year      = {2013}
}
@inproceedings{long2015fully,
  title     = {Fully convolutional networks for semantic segmentation},
  author    = {Long, Jonathan and Shelhamer, Evan and Darrell, Trevor},
  booktitle = {Proceedings of the IEEE Conference on Computer Vision and Pattern Recognition},
  pages     = {3431--3440},
  year      = {2015}
}
@inproceedings{chen14semantic,
  title     = {Semantic Image Segmentation with Deep Convolutional Nets and Fully Connected CRFs},
  author    = {Liang-Chieh Chen and George Papandreou and Iasonas Kokkinos and Kevin Murphy and Alan L Yuille},
  booktitle = {ICLR},
  url       = {http://arxiv.org/abs/1412.7062},
  year      = {2015}
}
@incollection{hariharan2014simultaneous,
  title     = {Simultaneous detection and segmentation},
  author    = {Hariharan, Bharath and Arbel{\'a}ez, Pablo and Girshick, Ross and Malik, Jitendra},
  booktitle = {Computer vision--ECCV 2014},
  pages     = {297--312},
  year      = {2014},
  publisher = {Springer}
}

%%%%%%%%%%%%%%
@article{chang,
  title={Partially coherent ptychography by gradient decomposition of the probe},
  author={Chang, Huibin and Enfedaque, Pablo and Lou, Yifei and Marchesini, Stefano},
  journal={Acta Crystallographica Section A: Foundations and Advances},
  volume={74},
  number={3},
  pages={157--169},
  year={2018},
  publisher={International Union of Crystallography}
}
@article{theory,
  title={New theory of partial coherence in the space--frequency domain. Part I: spectra and cross spectra of steady-state sources},
  author={Wolf, Emil},
  journal={JOSA},
  volume={72},
  number={3},
  pages={343--351},
  year={1982},
  publisher={Optical Society of America}
}
@article{mix,
  title={Reconstructing state mixtures from diffraction measurements},
  author={Thibault, Pierre and Menzel, Andreas},
  journal={Nature},
  volume={494},
  number={7435},
  pages={68--71},
  year={2013},
  publisher={Nature Publishing Group}
}



@article{direct,
  title={Multiplexed coded illumination for Fourier Ptychography with an LED array microscope},
  author={Tian, Lei and Li, Xiao and Ramchandran, Kannan and Waller, Laura},
  journal={Biomedical optics express},
  volume={5},
  number={7},
  pages={2376--2389},
  year={2014},
  publisher={Optical Society of America}
}

@article{algorithm,
  title={Probe retrieval in ptychographic coherent diffractive imaging},
  author={Thibault, Pierre and Dierolf, Martin and Bunk, Oliver and Menzel, Andreas and Pfeiffer, Franz},
  journal={Ultramicroscopy},
  volume={109},
  number={4},
  pages={338--343},
  year={2009},
  publisher={Elsevier}
}

@book{quan,
  title={Introduction to quantum mechanics},
  author={Griffiths, David J and Schroeter, Darrell F},
  year={2018},
  publisher={Cambridge university press}
}

@article{all,
  title={The numerics of phase retrieval},
  author={Fannjiang, Albert and Strohmer, Thomas},
  journal={Acta Numerica},
  volume={29},
  pages={125--228},
  year={2020},
  publisher={Cambridge University Press}
}

@article{admm,
  title={Blind ptychographic phase retrieval via convergent alternating direction method of multipliers},
  author={Chang, Huibin and Enfedaque, Pablo and Marchesini, Stefano},
  journal={SIAM Journal on Imaging Sciences},
  volume={12},
  number={1},
  pages={153--185},
  year={2019},
  publisher={SIAM}
}

@article{psf,
  title={An introduction to the theory of ptychographic phase retrieval methods},
  author={Konijnenberg, Sander},
  journal={Advanced Optical Technologies},
  volume={6},
  number={6},
  pages={423--438},
  year={2017},
  publisher={De Gruyter}
}

@article{nonconvex,
  title={Proximal alternating minimization and projection methods for nonconvex problems: An approach based on the Kurdyka-{\L}ojasiewicz inequality},
  author={Attouch, H{\'e}dy and Bolte, J{\'e}r{\^o}me and Redont, Patrick and Soubeyran, Antoine},
  journal={Mathematics of operations research},
  volume={35},
  number={2},
  pages={438--457},
  year={2010},
  publisher={INFORMS}
}

@article{lowrank,
  title={Phaselift: Exact and stable signal recovery from magnitude measurements via convex programming},
  author={Candes, Emmanuel J and Strohmer, Thomas and Voroninski, Vladislav},
  journal={Communications on Pure and Applied Mathematics},
  volume={66},
  number={8},
  pages={1241--1274},
  year={2013},
  publisher={Wiley Online Library}
}

@article{ADMM2,
  title={Distributed optimization and statistical learning via the alternating direction method of multipliers},
  author={Boyd, Stephen and Parikh, Neal and Chu, Eric and Peleato, Borja and Eckstein, Jonathan and others},
  journal={Foundations and Trends{\textregistered} in Machine learning},
  volume={3},
  number={1},
  pages={1--122},
  year={2011},
  publisher={Now Publishers, Inc.}
}